@inproceedings{highway2010,
  title={Highway dimension, shortest paths, and provably efficient algorithms},
  author={Abraham, Ittai and Fiat, Amos and Goldberg, Andrew V and Werneck, Renato F},
  booktitle={Proceedings of the twenty-first annual ACM-SIAM symposium on Discrete Algorithms},
  pages={782--793},
  year={2010},
  organization={Society for Industrial and Applied Mathematics}
}

@article{highway2013,
  title={Highway dimension and provably efficient shortest path algorithms},
  author={Abraham, Ittai and Delling, Daniel and Fiat, Amos and Goldberg, Andrew V and Werneck, Renato F},
  journal={Microsoft Research, USA, Tech. Rep},
  volume={9},
  year={2013}
}

@inproceedings{hubimplem,
  title={A hub-based labeling algorithm for shortest paths in road networks},
  author={Abraham, Ittai and Delling, Daniel and Goldberg, Andrew V and Werneck, Renato F},
  booktitle={International Symposium on Experimental Algorithms},
  pages={230--241},
  year={2011},
  organization={Springer}
}

@article{fareevasion,
  title={Fare evasion in transit networks},
  author={Correa, Jos{\'e} R and Harks, Tobias and Kreuzen, Vincent JC and Matuschke, Jannik},
  journal={arXiv preprint arXiv:1405.2826},
  year={2014}
}
